@preamble{{\hyphenation{Mathe-ma-ti-sche}}}

@incollection{Barwise:1977,
  author    = "J. Barwise",
  title     = "An Introduction to First-Order Logic",
  booktitle = "Handbook of Mathematical Logic",
  publisher = "North Holland",
  year      = "1977",
  editor    = "J. Barwise",
  pages     = "5-46"
}

@book{Enderton:1972,
  author    = "H.B. Enderton",
  title     = "A Mathematical Introduction to Logic",
  publisher = "Academic Press",
  year      = "1972"
}

@article{Gentzen:1935,
  author    = "G. Gentzen",
  title     = "Untersuchungen {\"{u}}ber das logische Schlie{\ss}en [\uppercase{i}nvestigations into logical deduction]",
  journal   = "Mathematische Zeitschrift 39",
  year      = "1935",
  pages     = "{176-210},{405-431}",
  note      = "Translated in~\cite{Szabo:1969}, pages 68--131"
}

@book{Szabo:1969,
  editor    = "M.E. Szabo",
  title     = "Collected Papers of Gerhard Gentzen",
  publisher = "North Holland",
  year      = "1969"
}

@book{Loeckx:1996,
  author    = "J. Loeckx and H.D. Ehrich and M. Wolf",
  title     = "Specification of Abstract Data Types",
  publisher = "Wiley",
  year      = "1996"
}

@book{Lu:1989,
  author    = "Z. Lu",
  title     = "Mathematical Logic for Computer Science",
  publisher = "World Scientific",
  year      = "1989"
}

@incollection{Sundholm:1983,
  author    = "G. Sundholm",
  title     = "Systems of Deduction",
  booktitle = "Handbook of Philosophical Logic, Vol.\ I",
  publisher = "D.\ Reidel",
  year      = "1983",
  editor    = "D. Gabbay and F. Guenther",
  pages     = "133-188"
}

@incollection{Andreka:2001,
  author    = "H. Andr{\'{e}}ka and I. N{\'{e}}meti and I. Sain",
  title     = "Algebraic Logic",
  booktitle = "Handbook of Philosophical Logic, Vol.\ II, second edition",
  publisher = "Kluwer",
  year      = "2001",
  editor    = "D. Gabbay and F. Guenther",
  pages     = "133-247"
}

@incollection{Andreka:1993,
  author    = "H. Andreka and I. Nemeti and I. Sain",
  title     = "Applying Algebraic Logic to Logic",
  year      = "1994",
  booktitle = "Algebraic Methodology and Software Technology: Proc.\ of the Third International Conference AMAST'93",
  editor    = "M. Nivat and C. Rattray and T. Rus and G. Scollo",
  publisher = "Springer",
  pages     = "5-26"
}

@inproceedings{Marti:2000,
  author    = "N. Mart{\'{i}}-Oliet and J. Meseguer",
  title     = "Rewriting logic as a logical and semantic framework",
  booktitle = "Electronic Notes in Theoretical Computer Science",
  volume    = "4",
  publisher = "Elsevier Science Publishers",
  editor    = "J. Meseguer",
  year      = "2000"
}

